
@inproceedings{hudak_history_2007,
	address = {New York, {NY}, {USA}},
	series = {{HOPL} {III}},
	title = {A history of Haskell: being lazy with class},
	isbn = {978-1-59593-766-7},
	shorttitle = {A history of Haskell},
	url = {http://doi.acm.org/10.1145/1238844.1238856},
	doi = {10.1145/1238844.1238856},
	booktitle = {Proceedings of the third {ACM} {SIGPLAN} conference on History of programming languages},
	publisher = {{ACM}},
	author = {Hudak, Paul and Hughes, John and Jones, Simon Peyton and Wadler, Philip},
	year = {2007},
	pages = {12--1–12-55}
},

@techreport{odersky_overview_????,
	title = {An overview of the Scala programming language},
	institution = {Citeseer},
	author = {Odersky, M. and Altherr, P. and Cremet, V. and Emir, B. and Maneth, S. and Micheloud, S. and Mihaylov, N. and Schinz, M. and Stenman, E. and Zenger, M.}
},

@misc{_chapter_????,
	title = {Chapter 27. Sockets and Syslog},
	url = {http://book.realworldhaskell.org/read/sockets-and-syslog.html},
	howpublished = {http://book.realworldhaskell.org/read/sockets-and-syslog.html}
},

@article{hudak_conception_1989,
	title = {Conception, evolution, and application of functional programming languages},
	volume = {21},
	issn = {0360-0300},
	url = {http://doi.acm.org/10.1145/72551.72554},
	doi = {10.1145/72551.72554},
	number = {3},
	journal = {{ACM} Comput. Surv.},
	author = {Hudak, Paul},
	month = sep,
	year = {1989},
	pages = {359–411}
},

@article{armstrong_concurrent_1993,
	title = {Concurrent Programming in {ERLANG}},
	url = {http://citeseerx.ist.psu.edu/viewdoc/summary?doi=10.1.1.33.6333},
	author = {Armstrong, Joe and Virding, Robert and Wikström, Claes and Williams, Mike},
	year = {1993}
},

@article{epstein_haskell_????,
	title = {Haskell for the cloud},
	author = {Epstein, J. and Black, {A.P.} and {Peyton-Jones}, S.}
},

@misc{_haskell-client-1/get-poetry.hs_????,
	title = {haskell-client-1/get-poetry.hs at master from jdavisp3/twisted-intro - {GitHub}},
	url = {https://github.com/jdavisp3/twisted-intro/blob/master/haskell-client-1/get-poetry.hs#L37},
	howpublished = {{https://github.com/jdavisp3/twisted-intro/blob/master/haskell-client-1/get-poetry.hs\#L37}}
},

@misc{_library/io_????,
	title = {{Library/IO} - {HaskellWiki}},
	url = {http://www.haskell.org/haskellwiki/Library/IO},
	howpublished = {{http://www.haskell.org/haskellwiki/Library/IO}}
},

@misc{_rfc_????,
	title = {{RFC} 4960 - Stream Control Transmission Protocol},
	url = {http://tools.ietf.org/html/rfc4960},
	howpublished = {http://tools.ietf.org/html/rfc4960}
},

@misc{_sctp_????,
	title = {{SCTP} for Beginners: {SCTP} States},
	url = {http://tdrwww.iem.uni-due.de/inhalt/forschung/sctp_fb/sctp_states.html},
	howpublished = {http://tdrwww.iem.uni-due.de/inhalt/forschung/sctp\_fb/sctp\_states.html}
},

@article{jones_tackling_2009,
	title = {Tackling the Awkward Squad: monadic input/output, concurrency, exceptions, and foreign-language calls in Haskell},
	shorttitle = {Tackling the Awkward Squad},
	author = {{JONES}, {S.P.}},
	year = {2009}
}